@article{al2014comprehensive,
  title={A comprehensive survey on vehicular ad hoc network},
  author={Al-Sultan, Saif and Al-Doori, Moath M and Al-Bayatti, Ali H and Zedan, Hussien},
  journal={Journal of network and computer applications},
  volume={37},
  pages={380--392},
  year={2014},
  publisher={Elsevier}
}

@article{blockchain2019,
    title={A new type of blockchain for secure message exchange in VANET},
    author={Rakesh Shrestha, Rojeena Bajracharya, Anish P.Shrestha, Seung YeobNam},
    journal={Digital Communications and Networks Digital Communications and Networks},
    year={2019}
}

@inproceedings{leiding2016self,
  title={Self-managed and blockchain-based vehicular ad-hoc networks},
  author={Leiding, Benjamin and Memarmoshrefi, Parisa and Hogrefe, Dieter},
  booktitle={Proceedings of the 2016 ACM International Joint Conference on Pervasive and Ubiquitous Computing: Adjunct},
  pages={137--140},
  year={2016}
}

@article{kumar2013applications,
  title={Applications of VANETs: present \& future},
  author={Kumar, Vishal and Mishra, Shailendra and Chand, Narottam and others},
  journal={Communications and Network},
  volume={5},
  number={01},
  pages={12},
  year={2013},
  publisher={Scientific Research Publishing}
}

@misc{paul2012vanet,
    title={VANET Routing Protocols: Pros and Cons},
    author={Bijan Paul and Md. Ibrahim and Md. Abu Naser Bikas},
    year={2012},
    eprint={1204.1201},
    archivePrefix={arXiv},
    primaryClass={cs.NI}
}

@article{jiang2018blockchain,
  title={Blockchain-based Internet of vehicles: distributed network architecture and performance analysis},
  author={Jiang, Tigang and Fang, Hua and Wang, Honggang},
  journal={IEEE Internet of Things Journal},
  volume={6},
  number={3},
  pages={4640--4649},
  year={2018},
  publisher={IEEE}
}